@Article{   cloud_erp,
author      = {Vilde Christiansen and Moutaz Haddara and Marius Langseth},
doi         = {https://doi.org/10.1016/j.procs.2021.12.012},
issn        = {1877-0509},
journal     = {Procedia Computer Science},
pages       = {255-262},
title       = {Factors Affecting Cloud ERP Adoption Decisions in Organizations},
url         = {https://www.sciencedirect.com/science/article/pii/S1877050921022353},
volume      = {196},
year        = {2022},
}