@Article{       magic_cloud_erp, 
title           = {{Magic Quadrant for Cloud ERP for Product-Centric Enterprises}}, 
url             = {https://www.infor.com/resources/gartner-names-cloudsuite-solutions-as-leader},
journal         = {Gartner}, 
publisher       = {Gartner, Inc}, 
author          = {Leiter, Greg and John, Dixie and Anderson, Robert and Faith, Tim}, 
year            = {2022}, 
month           = {September},
} 

@Article{       critical_cloud_erp, 
title           = {{Critical Capabilities for Cloud ERP for Product-Centric Enterprises}}, 
url             = {https://www.infor.com/resources/gartner-evaluates-composable-cloud-erps},
journal         = {Gartner}, 
publisher       = {Gartner, Inc}, 
author          = {John, Dixie and Faith, Tim and Anderson, Robert and Leiter, Greg}, 
year            = {2022}, 
month           = {September},
} 

@Article{       infor_os_next_gen, 
title           = {{Infor OS Powers Next-Gen ERP With a Rich Platform}}, 
url             = {https://www.infor.com/resources/constellation-research-infor-os-overview},
journal         = {Constellation Research}, 
publisher       = {Constellation Research}, 
author          = {Mueller, Holger}, 
year            = {2022}, 
month           = {September},
} 

@Article{       infor_eai_ml_os, 
title           = {{Enterprise artificial intelligence and machine learning with Infor OS}}, 
url             = {https://www.infor.com/resources/enterprise-ai-and-ml-with-infor-os},
journal         = {Infor}, 
publisher       = {Infor}, 
author          = {Infor},
year            = {2023}, 
} 

@Article{       infor_erp, 
title           = {{Enterprise Resource Planning (ERP)}}, 
url             = {https://www.infor.com/solutions/erp},
journal         = {Infor}, 
publisher       = {Infor}, 
author          = {Infor},
year            = {2023}, 
} 

@Article{       wikipedia_infor,
title           = {{Infor}}, 
url             = {https://en.wikipedia.org/wiki/Infor}, 
journal         = {Wikipedia}, 
publisher       = {Wikimedia Foundation, Inc}, 
author          = {Wikipedia},
year            = {2023}, 
month           = {April},
} 