@Article{       integrated_erp,
author          = {Jose V. Gavidia and Iris A. Junglas and Chen-Huei Chou},
doi             = {10.1080/17517575.2021.1931460},
eprint          = {https://doi.org/10.1080/17517575.2021.1931460},
journal         = {Enterprise Information Systems},
number          = {1},
pages           = {1931460},
publisher       = {Taylor & Francis},
title           = {An integrated model of ERP success: the critical role of task-context alignment},
URL             = {https://doi.org/10.1080/17517575.2021.1931460},
volume          = {17},
year            = {2023},
}


